@misc{kitesurf_wiki,
   author = "Wikipedia",
   title = "{Kitesurfing} --- {W}ikipedia{,} The Free Encyclopedia",
   year = "2020",
   howpublished = {\url{http://pl.wikipedia.org/w/index.php?title=Kitesurfing&oldid=56588867}},
   note = "[Online; accessed 03-January-2020]"
 }
 
 @Unpublished{wiedza_wlasna,
 author = {Kasper Kankowski},
 title = {Wiedza w≈Çasna, nabyta w praktyce oraz na kursie IKO},
 year = {2008 - 2020},
 }
 
 @article{wiesner2018zarzkadzanie,
  title={Zarz{\k{a}}dzanie ryzykiem podczas uprawiania kitesurfingu jako podstawowy warunek skutecznego szkolenia i bezpiecznego p{\l}ywania},
  author={Wiesner, W and Kunysz, P},
  journal={Polish Hyperbaric Research},
  year={2018}
}
 